@article{bajtovs2018network,
  title={Network Intrusion Detection with Threat Agent Profiling},
  author={Bajto{\v{s}}, Tom{\'a}{\v{s}} and Gajdo{\v{s}}, Andrej and Kleinov{\'a}, Lenka and Lu{\v{c}}ivjansk{\'a}, Katar{\'\i}na and Sokol, Pavol},
  journal={Security and Communication Networks},
  volume={2018},
  year={2018},
  publisher={Hindawi}
}

@inproceedings{kacha2015warden,
  title={Warden 3: Security event exchange redesign},
  author={K{\'a}cha, Pavel and Kostenec, Michal and Kropacova, Andrea},
  booktitle={Proceedings of the 19th International Conference on Computers: Recent Advances in Computer Science},
  year={2015}
}

@inproceedings{kacha2013idea,
  title={Idea: designing the data model for security event exchange},
  author={Kacha, Pavel},
  booktitle={Proceedings of the 17th International Conference on Computers: Recent Advances in Computer Science},
  year={2013}
}

@inproceedings{kacha2014idea,
  title={Idea: security event taxonomy mapping},
  author={K{\'a}cha, Pavel},
  booktitle={Proceedings of the 18th International Conference on Circuits, Systems, Communications and Computers},
  year={2014}
}



@article{parihar2016survey,
  title={Survey on intrusion detection using data mining methods},
  author={Parihar, Lokendra Singh and Tiwari, Akhilesh},
  journal={International Journal for Science and Advanced Research in Technology},
  volume={3},
  number={12},
  pages={342--7},
  year={2016}
}

@misc{mizell2017introduction,
  title={Introduction to GPUs for Data Analytics},
  author={Mizell, Eric and Biery, Roger},
  year={2017},
  publisher={Oâ€™Reilly}
}

@article{cugola2012processing,
  title={Processing flows of information: From data stream to complex event processing},
  author={Cugola, Gianpaolo and Margara, Alessandro},
  journal={ACM Computing Surveys (CSUR)},
  volume={44},
  number={3},
  pages={15},
  year={2012},
  publisher={ACM}
}

@inproceedings{marchette1999statistical,
  title={A Statistical Method for Profiling Network Traffic.},
  author={Marchette, David J},
  booktitle={Workshop on Intrusion Detection and Network Monitoring},
  pages={119--128},
  year={1999}
}

@inproceedings{wang2019survey,
  title={A survey on traffic-behavioral profiling of network end-target},
  author={Wang, Mingda and Hu, Hangyu and Hu, Guangmin},
  booktitle={Proceedings of the ACM Turing Celebration Conference-China},
  pages={125},
  year={2019},
  organization={ACM}
}

@article{zang2019adaptive,
  title={An Adaptive Profile-Based Approach for Detecting Anomalous Traffic in Backbone},
  author={Zang, Xiao-Dong and Gong, Jian and Hu, Xiao-Yan},
  journal={IEEE Access},
  volume={7},
  pages={56920--56934},
  year={2019},
  publisher={IEEE}
}

@article{xu2014behavior,
  title={Behavior analysis of internet traffic via bipartite graphs and one-mode projections},
  author={Xu, Kuai and Wang, Feng and Gu, Lin},
  journal={IEEE/ACM Transactions on Networking (TON)},
  volume={22},
  number={3},
  pages={931--942},
  year={2014},
  publisher={IEEE Press}
}

@inproceedings{hammerschmidt2016efficient,
  title={Efficient learning of communication profiles from IP flow records},
  author={Hammerschmidt, Christian and Marchal, Samuel and State, Radu and Pellegrino, Gaetano and Verwer, Sicco},
  booktitle={2016 IEEE 41st Conference on Local Computer Networks (LCN)},
  pages={559--562},
  year={2016},
  organization={IEEE}
}

@inproceedings{berti2017profiling,
  title={Profiling DRDoS attacks with data analytics pipeline},
  author={Berti-Equille, Laure and Zhauniarovich, Yury},
  booktitle={Proceedings of the 2017 ACM on Conference on Information and Knowledge Management},
  pages={1983--1986},
  year={2017},
  organization={ACM}
}

@inproceedings{jakalan2015profiling,
  title={Profiling IP hosts based on traffic behavior},
  author={Jakalan, Ahmad and Gong, Jian and Liu, Shangdong},
  booktitle={2015 IEEE International Conference on Communication Software and Networks (ICCSN)},
  pages={105--111},
  year={2015},
  organization={IEEE}
}

@inproceedings{bakhshi2015user,
  title={User traffic profiling},
  author={Bakhshi, Taimur and Ghita, Bogdan},
  booktitle={2015 Internet Technologies and Applications (ITA)},
  pages={91--97},
  year={2015},
  organization={IEEE}
}

@book{tuffery2011data,
  title={Data mining and statistics for decision making},
  author={Tuff{\'e}ry, St{\'e}phane},
  year={2011},
  publisher={John Wiley \& Sons}
}